
@techreport{Kindler01modular,
  author = {Kindler, Ekkart and Weber, Michael},
  title = {A Universal Module Concept for {P}etri Nets -- an imp\-le\-men\-ta\-tion-o\-ri\-en\-ted approach},
  year = 2001,
  type = {Informatik-Bericht},
  number = 150,
  publisher = {Humboldt-Universität zu Berlin},
  url = {https://www2.informatik.hu-berlin.de/top/pnml/download/about/modPNML_TB.ps}
}

@inproceedings{Kindler07modular,
  author = {Kindler, Ekkart},
  title = {Modular \textabbr{PNML} revisited: Some ideas for strict typing},
  year = 2007,
  booktitle = {Proc.\ 14th\ Workshop Al\-go\-rith\-men und Werk\-zeuge f{\"u}r Pet\-ri\-netze},
  publisher = {Universit{\"a}t Koblenz-Landau},
  pages = {20-25},
  url = {http://www2.cs.uni-paderborn.de/cs/kindler/Publikationen/copies/AWPN07-PNMLmodules.pdf}
}

@inproceedings{Kindler09modular,
  author = {Kindler, Ekkart and Petrucci, Laure},
  year = {2009},
  pages = {43-62},
  booktitle = {\textabbr{Petri nets} 2009},
  title = {Towards a Standard for Modular {P}etri Nets: A Formalisation},
  series = {\textabbr{LNCS}},
  number = {5606},
  doi = {10.1007/978-3-642-02424-5_5}
}

@book{Pierce02tapl,
  author = {Benjamin C. Pierce},
  title = {Types and programming languages},
  publisher = {The \textabbr{MIT} Press},
  year = 2002,
  isbn = {978-0-262-16209-8}
}

@incollection{Walker05substructural,
  author = {David Walker},
  title = {Substructural Type Systems},
  year = 2005,
  pages = {3-43},
  booktitle = {Advanced Topics in Types and Programming Languages},
  publisher = {The \textabbr{MIT} Press},
  isbn = {0-262-16228-8}
}

@book{Rumbaugh04uml,
  title = {The Unified Modeling Language Reference Manual},
  publisher = {Pearson Higher Education},
  year = {2004},
  edition = 2,
  author = {Rum\-baugh, James and Jacobson, Ivar and Booch, Grady},
  isbn = {0321245628}
}

@book{Friedenthal16sysml,
  title = {A Practical Guide to {Sys\mixedabbr{ML}}: The Systems Modeling Language},
  publisher = {Morgan Kaufmann},
  year = {2016},
  edition = 3,
  author = {Friedenthal, Sanford and Moore, Alan and Steiner, Rick},
  isbn = {978-0-12-800202-5}
}

@book{Feiler12aadl,
  title = {Model-Based Engineering with \textabbr{AADL}: An Introduction to the \textabbr{SAE} Architecture Analysis \& Design Language},
  publisher = {Addison-Wesley Professional},
  year = {2012},
  author = {Peter H. Feiler and David P. Gluch},
  isbn = {978-0-32-188894-5}
}

@book{Steinberg09emf,
  title = {\textabbr{EMF}: Eclipse Modeling Framework},
  author = {Dave Steinberg and Frank Budinsky and Marcelo Paternostro and Ed Merks},
  year = 2009,
  edition = 2,
  publisher = {Addison-Wesley Professional},
  isbn = {978-0-321-33188-5}
}

@book{Jackson11abstractions,
  title = {Software Abstractions},
  author = {Daniel Jackson},
  year = 2011,
  edition = {Revised edition},
  publisher = {The \textabbr{MIT} Press},
  isbn = {978-0-262-01715-2}
}

@report{ISO1590912004,
  author = {{International Organization for Standardization}},
  type = {Standard},
  title = {Systems and software engineering -- High-level {P}etri nets -- Part 1: Concepts, definitions and graphical notation},
  number = {\textabbr{ISO}/\textabbr{IEC} 15909-1:2004},
  year = {2004}
}

@report{ISO1590922011,
  author = {{International Organization for Standardization}},
  type = {Standard},
  title = {Systems and software engineering -- High-level {P}etri nets -- Part 2: Transfer format},
  number = {\textabbr{ISO}/\textabbr{IEC} 15909-2:2012},
  year = {2011}
}

@article{Murata89petri,
  author = {Tadao Murata},
  title = {{P}etri nets: Properties, analysis and applications},
  year = {1989},
  volume = {77},
  number = {4},
  pages = {541-580},
  journal = {Proc.\ \textabbr{IEEE}},
  doi = {10.1109/5.24143},
  publisher = {\textabbr{IEEE}}
}

@article{Voros17pdn,
  title = {Industrial applications of the {PetriDotNet} modelling and analysis tool},
  author = {Andr{\'a}s V{\"o}r{\"o}s and D{\'a}niel Darvas and {\'A}kos Hajdu and Attila Klenik and Krist{\'o}f Marussy and Vince Moln{\'a}r and Tam{\'a}s Bartha and Istv{\'a}n Majzik},
  year = {2017},
  journal = {J.\ Sci.\ Comp.\ Prog.},
  publisher = {Elsevier},
  doi = {10.1016/j.scico.2017.09.003},
  pubstate = {inpress}
}

@manual{Voros17pdnmanual,
  title = {PetriDotNet~1.5 User Manual},
  author = {Andr{\'a}s V{\"o}r{\"o}s and D{\'a}niel Darvas and {\'A}kos Hajdu and Attila J{\'a}mbor and Attila Klenik and Krist{\'o}f Marussy and Vince Moln{\'a}r and Tam{\'a}s Bartha and Istv{\'a}n Majzik},
  year = 2017,
  url = {http://petridotnet.inf.mit.bme.hu/releases/pdn1_manual.pdf}
}

@inproceedings{Hirel00spnp,
  title = {\textabbr{SPNP} Stochastic {P}etri Nets. Version 6.0},
  author = {Christophe Hirel and Bruno Tuffin and Kishor S. Trivedi},
  year = 2000,
  pages = {354-357},
  booktitle = {\textabbr{TOOLS} 2000},
  number = {1786},
  series = {\textabbr{LNCS}},
  publisher = {Springer},
  doi = {10.1007/3-540-46429-8_30}
}

@article{Ciardo06smart,
  title = {Logic and stochastic modeling with \textabbr{SMART}},
  author = {Ciardo, Gianfranco and Jones, Robert L. and Miner, Andrew S. and Siminiceanu, Radu},
  year = 2006,
  journal = {J.\ Perf.\ Eval.},
  volume = {63},
  number = {6},
  pages = {578-608},
  publisher = {Elsevier},
  doi = {10.1016/j.peva.2005.06.001}
}

@inproceedings{Babar10greatspn,
  title = {Great\mixedabbr{SPN} Enhanced with Decision Diagram Data Structures},
  author = {Junaid Babar and Marco Beccuti and Susanna Donatelli and Andrew S. Miner},
  year = 2010,
  pages = {308-317},
  booktitle = {\textabbr{Petri nets} 2010},
  number = {6128},
  series = {\textabbr{LNCS}},
  publisher = {Springer},
  doi = {10.1007/978-3-642-13675-7_19}
}

@article{Jensen07coloured,
  title={Coloured Petri Nets and \textabbr{CPN} Tools for modelling and validation of concurrent systems},
  author={Jensen, Kurt and Kristensen, Lars Michael and Wells, Lisa},
  journal={Int.\ J.\ Softw.\ Tools Technol.\ Transf.},
  volume={9},
  number={3--4},
  pages={213–254},
  year={2007},
  publisher={Springer}
}

@inproceedings{Courtney09mobius,
  title = {M{\"o}bius 2.3: An extensible tool for dependability, security, and performance evaluation of large and complex system models},
  author = {Tod Courtney and Shravan Gaonkar and Ken Keefe and Eric W. D. Rozier and William H. Sanders},
  year = {2009},
  booktitle = {\textabbr{IEEE}/\textabbr{IFIP} Int.\ Conf.\ Dependable Systems \& Networks, 2009},
  publisher = {\textabbr{IEEE}},
  doi = {10.1109/DSN.2009.5270318}
}

@article{Becker08palladio,
  title = {The {P}alladio component model for model-driven performance prediction},
  author = {Steffen Becker and Heiko Koziolek and Ralf Reussner},
  year = 2008,
  journal = {J.\ Sys.\ Soft.},
  volume = {82},
  number = {1},
  pages = {3-22},
  publisher = {Elsevier},
  doi = {10.1016/j.jss.2008.03.066}
}

@article{Koziolek10review,
  title = {Performance evaluation of component-based software systems: A survey},
  author = {Heiko Koziolek},
  year = 2010,
  journal = {J.\ Perf.\ Eval.},
  volume = {67},
  number = {8},
  pages = {634-658},
  publisher = {Elsevier},
  doi = {10.1016/j.peva.2009.07.007}
}

@article{Reibman89transient,
  title = {{M}arkov and {M}arkov reward model transient analysis: An overview of numerical approaches},
  author = {Andrew L. Reibman and Roger Smith and Kishor S. Trivedi},
  year = 1989,
  journal = {Eur.\ J.\ Oper.\ Res.},
  volume = {4},
  number = {2},
  pages = {257-267},
  publisher = {Elsevier},
  doi = {10.1016/0377-2217(89)90335-4}
}

@article{Hermanns02algebra,
  title = {Process algebra for performance evaluation},
  author = {Holger Hermanns and Ulrich Herzog and {Joost-Pieter} Katoen},
  year = 2002,
  journal = {Theor.\ Comput.\ Sci.},
  volume = {274},
  number = {1--2},
  pages = {43-87},
  publisher = {Elsevier},
  doi = {10.1016/S0304-3975(00)00305-4}
}

@article{Marsan84gspn,
  title = {A Class of Generalized Stochastic {P}etri Nets for the Performance Evaluation of Multiprocessor
Systems},
  author = {Marco Ajmone Marsan and Gianni Conte and Gianfranco Balbo},
  year = 1984,
  journal = {\textabbr{ACM} Trans.\ Comput.\ Syst.},
  volume = {2},
  number = {2},
  pages = {93–122},
  publisher = {\textabbr{ACM}},
  doi = {10.1145/190.191}
}

@inproceedings{Sanders01san,
  title = {Stochastic Activity Networks: Formal Definitions and Concepts},
  author = {William H. Sanders and John F. Meyer},
  year = 2001,
  booktitle = {\textabbr{EEF} School 2000},
  series = {\textabbr{LNCS}},
  number = {2090},
  pages = {315-343},
  publisher = {Springer},
  doi = {10.1007/3-540-44667-2_9}
}

@inproceedings{Hillston95pepa,
  title = {Compositional {M}arkovian Modelling Using a Process Algebra},
  author = {Jane Hillston},
  year = 1995,
  booktitle = {Computations with {M}arkov Chains},
  pages = {177-196},
  publisher = {Springer},
  doi = {10.1007/978-1-4615-2241-6_12}
}

@inproceedings{Logothetis95mrm,
  title = {{M}arkov regenerative models},
  author = {Dimitris Logothetis and Kishor S. Trivedi and Antonio Puliafito},
  year = 1995,
  booktitle = {Proc.\ of the 1995 \textabbr{IEEE} Int.\ Comput.\ Perf.\ and Dependability Symp.},
  publisher = {\textabbr{IEEE}},
  doi = {10.1109/IPDS.1995.395809}
}

@article{Telek96mrm,
  title = {Performance analysis of {M}arkov regenerative reward models},
  author = {Mikl{\'o}s Telek and Andr{\'a}s Pfening},
  year = 1996,
  journal = {J.\ Perf.\ Eval.},
  volume = {27-28},
  pages = {1-18},
  publisher = {Elsevier},
  doi = {10.1016/S0166-5316(96)90017-6}
}

@techreport{Vernon86comparison,
  title = {A Comparison of Performance {P}etri Nets and Queueing Network Models},
  author = {Mary Vernon and John Zahorjan and Edward D. Lazowska},
  year = 1986,
  type = {Computer Sciences Techninal Report},
  number = {669},
  publisher = {University of Wisconsin--Madison},
  url = {http://ftp.cs.wisc.edu/pub/techreports/1986/TR669.pdf}
}

@article{Longo13phasetype,
  title = {Two-layer symbolic representation for stochastic models with phase-type distributed events},
  author = {Francesco Longo and Marco Scarpa},
  year = 2013,
  journal = {Int.\ J.\ Syst.\ Sci.},
  volume = {46},
  number = {9},
  pages = {1540-1571},
  publisher = {Taylor \& Francis},
  doi = {10.1080/00207721.2013.822940}
}

@article{Donatelli95comparison,
  title = {A comparison of performance evaluation process algebra and generalized stochastic Petri nets},
  author = {Susanna Donatelli and Marina Ribaudo and Jane Hillston},
  year = 1995,
  booktitle = {Proc.\ of the 6th Int. Workshop on {P}etri Nets and Performance Models},
  publisher = {\textabbr{IEEE}},
  doi = {10.1109/PNPM.1995.524326}
}

@book{Hejiao12pppnpa,
  title = {Property-Preserving {P}etri Net Process Algebra in Software Engineering},
  author = {{Hejiao Huang} and {Li Jiao} and {To-Yat} Cheung and Wai Ming Mak},
  publisher = {World Scientific},
  isbn = {978-981-4324-28-1},
  year = 2012
}

@article{Ciardo93decomposition,
  title = {A decomposition approach for stochastic reward net models},
  author = {Gianfranco Ciardo and Kishor S. Trivedi},
  year = 1993,
  journal = {J.\ Perf.\ Eval.},
  volume = {38},
  number = {1},
  pages = {37-59},
  publisher = {Elsevier},
  doi = {10.1016/0166-5316(93)90026-Q}
}

@article{Teruel03netlevel,
  title = {Well-defined generalized stochastic {P}etri nets: a net-level method to specify priorities},
  author = {Enrique Teruel and Giuliana Franceschinis and Massimiliano {De Pierro}},
  year = 2003,
  journal = {\textabbr{IEEE} Tran.\ Softw.\ Eng.},
  volume = {29},
  number = {11},
  pages = {962-973},
  publisher = {\textabbr{IEEE}},
  doi = {10.1109/TSE.2003.1245298}
}

@article{Miner06saturation,
  title = {Saturation for a General Class of Models},
  author = {Andrew S. Miner},
  year = 2006,
  journal = {\textabbr{IEEE} Trans.\ Softw.\ Eng.},
  volume = {32},
  number = {8},
  pages = {559-570},
  publisher = {\textabbr{IEEE}},
  doi = {10.1109/TSE.2006.81}
}

@inproceedings{Marussy17priorities,
  title = {Getting the Priorities Right: Saturation for Prioritised {P}etri Nets},
  author = {Krist{\'o}f Marussy and Vince Moln{\'a}r and Andr{\'a}s V{\"o}r{\"o}s and Istv{\'a}n Majzik},
  year = 2017,
  booktitle = {\textabbr{PETRI NETS} 2017},
  number = {10258},
  series = {\textabbr{LNCS}},
  pages = {223-242},
  publisher = {Springer},
  doi = {10.1007/978-3-319-57861-3_14}
}

@article{Blake88sensitivity,
  title = {Sensitivity analysis of reliability and performability measures for multiprocessor systems},
  author = {James T. Blake and Andrew L. Reibman and Kishor S. Trivedi},
  year = 1988,
  journal = {textabbr{ACM} \textabbr{SIGMETRICS} Perf.\ Eval.\ Review},
  volume = {16},
  number = {1},
  pages = {177-186},
  publisher = {\textabbr{ACM}},
  doi = {10.1145/1007771.55616}
}

@article{Hahn11parametric,
  title = {Probabilistic reachability for parametric Markov models},
  author = {Ernst Moritz Hahn and Holger Hermanns and Lijun Zhang},
  year = 2011,
  journal = {Int.\ J.\ Softw.\ Tools Technol.\ Transf.},
  volume = {13},
  number = {1},
  pages = {3-19},
  publisher = {Springer},
  doi = {10.1007/s10009-010-0146-x}
}

@inproceedings{Quatmann16mdp,
  title = {Parameter Synthesis for {M}arkov Models: Faster Than Ever},
  author = {Tim Quatmann and Christian Dehnert and Nils Jansen and Sebastian Junges and {Joost-Pieter} Katoen},
  year = 2016,
  booktitle = {\textabbr{ATVA} 2016},
  series = {\textabbr{LNCS}},
  number = {9938},
  pages = {50-67},
  publisher = {Springer},
  doi = {10.1007/978-3-319-46520-3_4}
}

@inproceedings{Kang10effective,
  title = {An Approach for Effective Design Space Exploration},
  author = {Eunsuk Kang and Ethan Jackson and Wolfram Schulte},
  year = 2010,
  booktitle = {Monterey Workshop 2010},
  pages = {33-54},
  series = {\textabbr{LNCS}},
  number = {6662},
  publisher = {Springer},
  doi = {10.1007/978-3-642-21292-5_3}
}

@inproceedings{Vanherpen14patterns,
  title = {Design-Space Exploration in \textabbr{MDE}: An Initial Pattern Catalogue},
  author = {Ken Vanherpen and Joachim Denil and Paul {De Meulenaere} and Hans Vangheluwe},
  year = 2014,
  pages = {42-51},
  series = {\textabbr{CEUR} Workshop Proceedings},
  number = {1340},
  booktitle = {Proc.\ of the 1st Int.\ Workshop on Combining Modelling with Search- and Example-Based Approaches},
  publisher = {\textabbr{CEUR-WS}},
  url = {http://ceur-ws.org/Vol-1340/paper6.pdf}
}

@manual{Maechler16diptest,
    title = {{diptest}: {H}artigan's Dip Test Statistic for Unimodality -- Corrected},
    author = {Martin Maechler},
    year = {2016},
    note = {R package version 0.75-7},
    url = {https://CRAN.R-project.org/package=diptest},
  }

@incollection{Varro17generation,
  title = {Towards the Automated Generation of Consistent, Diverse, Scalable and Realistic Graph Models},
  author = {D{\'a}niel Varr{\'o} and Oszk{\'a}r Semer{\'a}th and G{\'a}bor Sz{\'a}rnyas and {\'A}kos Horv{\'a}th},
  year = 2017,
  booktitle = {Festschrift in Memory of Hartmut Ehrig},
  publisher = {Springer},
  series = {\textabbr{LNCS}},
  pubstate = {forthcoming},
  url = {https://inf.mit.bme.hu/sites/default/files/publications/fmhe2017-model-generation.pdf}
}

@inproceedings{Semerath16generation,
  title = {Iterative and Incremental Model Generation by Logic Solvers},
  author = {Oszk{\'a}r Semer{\'a}th and Andr{\'a}s V{\"o}r{\"o}s and D{\'a}niel Varr{\'o}},
  year = 2016,
  booktitle = {\textabbr{FASE} 2016},
  series = {\textabbr{LNCS}},
  number = {9633},
  pages = {87-103},
  publisher = {Springer},
  doi = {10.1007/978-3-662-49665-7_6}
}

@inproceedings{Semerath16backward,
  title = {Incremental backward change propagation of view models by logic solvers},
  author = {Oszk{\'a}r Semer{\'a}th and Csaba Debreceni and {\'A}kos Horv{\'a}th and D{\'a}niel Varr{\'o}},
  year = 2016,
  booktitle = {Proc. \textabbr{ACM}/\textabbr{IEEE} 19th Int.\ Conf.\ Model Driven Eng.\ Lang.\ Syst.},
  pages = {306-316},
  publisher = {\textabbr{ACM}},
  doi = {10.1145/2976767.2976788}
}

@inproceedings{Semerath17rewriting,
  title = {Graph Constraint Evaluation over Partial Models by Constraint Rewriting},
  author = {Oszk{\'a}r Semer{\'a}th and D{\'a}niel Varr{\'o}},
  year = 2017,
  booktitle = {\textabbr{ICMT} 2017},
  series = {\textabbr{LNCS}},
  number = {10374},
  pages = {138-154},
  publisher = {Springer},
  doi = {10.1007/978-3-319-61473-1_10}
}

@thesis{Molnar17optimization,
  title = {Sztochasztikus modellek param{\'e}tereinek optimaliz{\'a}ciója: eszk{\"o}z{\"o}k {\'e}s kih{\'i}v{\'a}sok},
  author = {T{\'i}mea Moln{\'a}r},
  year = 2017,
  type = {Bachleor's thesis},
  school = {{Faculty of Electrical Engineering and Informatics, Budapest University of Technology and Economics}},
  langid = {magyar},
  language = {In Hungarian},
  note = {\todo*{Add URL once it is available.}}
  % url = {http://}
}

@techreport{Lucio12ftgpm,
  title = {The Formalism Transformation Graph as a Guide to Model Driven Engineering},
  author = {Levi L{\'u}cio and Joachim Denil and Hans Vangheluwe and Sadaf Mustafiz and Bart Meyers},
  year = 2012,
  institution = {School of Computer Science, McGill University},
  number = {\textabbr{CS}-\textabbr{TR}-2012.1},
  url = {https://www.cs.mcgill.ca/media/tech_reports/10_The_Formalism_Transformation_Graph_as_a_Guide_to_Model_Driven_Engineering.pdf}
}

@misc{Kordon17mcc,
  title = {Complete Results for the 2017 Edition of the {M}odel {C}hecking {C}ontest},
  author = {Fabrice Kordon and Hubert Garavel and Lom-Messan Hillah and Francis {Hulin-Hubard} and Bernard Berthomieu and Gianfranco Ciardo and Maximilien Colange and Silvano {Dal Zilio} and Elvio Gilberto Amparore and Marco Beccuti and Torsten Liebke and Jeroen J. G. Me\ij er and Andrew S. Miner and Christian Rohr and Jiri Srba and Yann {Thierry-Mieg} and Jaco {van der Pol} and Karsten Wolf},
  year = 2017,
  url = {http://mcc.lip6.fr/2017/results.php}
}

@inproceedings{Hillah17repository,
  title = {{P}etri {N}ets {R}epository: A Tool to Benchmark and Debug Petri Net Tools},
  author = {Lom-Messan Hillah and Fabrice Kordon},
  year = 2017,
  booktitle = {\textabbr{PETRI NETS} 2017},
  series = {\textabbr{LNCS}},
  number = 10258,
  pages = {125-135},
  publisher = {Springer},
  doi = {10.1007/978-3-319-57861-3_9}
}

@inproceedings{Ciardo01saturation,
  title = {Saturation: An Efficient Iteration Strategy for Symbolic State-Space Generation},
  author = {Gianfranco Ciardo and Gerald L{\"u}ttgen and Radu Siminiceanu},
  year = 2001,
  booktitle = {\textabbr{TACAS} 2001},
  series = {\textabbr{LNCS}},
  number = {2031},
  pages = {328-342},
  publisher = {Springer},
  doi = {10.1007/3-540-45319-9_23}
}

@incollection{Ciardo12tenyears,
  title = {Ten Years of Saturation: A {P}etri Net Perspective},
  author = {Gianfranco Ciardo and Yang Zhao and Xiaoqing Jin},
  year = 2012,
  booktitle = {\mixedabbr{T}o\mixedabbr{PN}o\mixedabbr{C} \textabbr{V}},
  series = {\textabbr{LNCS}},
  number = {6900},
  pages = {51-95},
  publisher = {Springer},
  doi = {10.1007/978-3-642-29072-5_3}
}

@article{Buchholz99hierarchical,
  title = {Hierarchical structuring of superposed \textAbbr{GSPN}s},
  author = {Peter Buchholz},
  year = 1999,
  journal = {\textabbr{IEEE} Tran.\ Softw.\ Eng.},
  volume = 25,
  number = 2,
  pages = {166-181},
  publisher = {\textabbr{IEEE}},
  doi = {10.1109/32.761443}
}

@article{Miner04mdd,
  title = {Implicit \textabbr{GSPN} reachability set generation using decision diagrams},
  author = {Andrew S. Miner},
  journal = {J.\ Perf.\ Eval.},
  year = {2004},
  volume = {56},
  number = {1--4},
  pages = {145-165},
  publisher = {Elsevier},
  doi = {10.1016/j.peva.2003.07.005}
}

@article{Kam98mdd,
  title = {Multi-valued decision diagrams: theory and applications},
  author = {Timothy Kam and Tiziano Villa and Robert Brayton and Alberto {Sangiovanni-Vincentelli}},
  year = 1998,
  journal = {Int.\ J.\ Multiple-Valued Logic},
  volume = {4},
  number = {1--2},
  pages = {9-62},
  note = {\todo*{Find \textabbr{DOI} or some other way to access this article}}
}

@inproceedings{Amparore17ordering,
  title = {Decision Diagrams for {P}etri Nets: which Variable Ordering?},
  author = {Elvio Gilberto Amparore and Susanna Donatelli and Marco Beccuti and Giulio Garbi and Andrew S. Miner},
  booktitle = {Proc.\ Int.\ Workshop on Petri Nets and Softw.\ Eng.},
  year = 2017,
  pages = {31-50},
  series = {\textabbr{CEUR} Workshop Proceedings},
  number = {1846},
  publisher = {\textabbr{CEUR-WS}},
  url = {hhttp://ceur-ws.org/Vol-1846/paper3.pdf}
}

@inproceedings{Marussy16decompositions,
  title = {Efficient Decomposition Algorithm for Stationary Analysis of Complex Stochastic {P}etri Net Models},
  author = {Krist{\'o}f Marussy and Attila Klenik and Vince Moln{\'a}r and Andr{\'a}s V{\"o}r{\"o}s and Istv{\'a}n Majzik and Mikl{\'o}s Telek},
  year = 2016,
  booktitle = {\textabbr{PETRI NETS} 2016},
  series = {\textabbr{LNCS}},
  number = {9698},
  pages = {281-300},
  publisher = {Springer},
  doi = {10.1007/978-3-319-39086-4_17}
}

@inproceedings{Garavel15nupn,
  title = {Nested-Unit Petri Nets: A Structural Means to Increase Efficiency and Scalability of Verification on Elementary Nets},
  author = {Hubert Garavel},
  year = 2015,
  booktitle = {\textabbr{PETRI NETS} 2015},
  series = {\textabbr{LNCS}},
  number = {9115},
  pages = {179-199},
  publisher = {Springer},
  doi = {10.1007/978-3-319-19488-2_9}
}

@article{Buchholz99structured,
  title = {Structured analysis approaches for large {M}arkov chains},
  author = {Peter Buchholz},
  year = 1999,
  journal = {Appl.\ Numer.\ Math.},
  volume = 31,
  number = 4,
  pages = {375-404},
  publisher = {Elsevier},
  doi = {10.1016/S0168-9274(99)00005-7}
}

@inproceedings{Marussy16configurable,
  title = {Configurable numerical analysis for stochastic systems},
  author = {Krist{\'o}f Marussy and Attila Klenik and Vince Moln{\'a}r and Andr{\'a}s V{\"o}r{\"o}s and Mikl{\'o}s Telek and Istv{\'a}n Majzik},
  year = 2016,
  booktitle = {2016 Int.\ Workshop on Symbolic and Numerical Methods for Reachability Analysis},
  publisher = {\textabbr{IEEE}},
  doi = {10.1109/SNR.2016.7479383}
}

@article{Buccholz17compact,
  title = {On compact solution vectors in {K}ronecker-based {M}arkovian analysis},
  author = {Peter Buchholz and Tu{\u g}rul Dayar and Jan Kriege and Mushin Can Orhan},
  year = 2017,
  journal = {J.\ Perf.\ Eval.},
  volume = {115},
  pages = {132-149},
  publisher = {Elsevier},
  doi = {10.1016/j.peva.2017.08.002}
}

@article{Moorsel97uniformization,
  title = {Transient solution of {M}arkov models by combining adaptive and standard uniformization},
  author = {Aad P. A. {van Morsel} and William H. Sanders},
  year = 1997,
  journal = {\textabbr{IEEE} Tran.\ Reliability},
  volume = {46},
  number = 3,
  pages = {430-440},
  publisher = {\textabbr{IEEE}},
  doi = {10.1109/24.664016}
}

@article{Dijk17uniformization,
  title = {Uniformization: Basics, extensions and applications},
  author = {Nicolaas M. {van D\ij k} and Sem P. J. {van Brummelen} and Richard J. Boucherie},
  year = 2017,
  journal = {J.\ Perf.\ Eval.},
  publisher = {Elsevier},
  doi = {10.1016/j.peva.2017.09.008},
  pubstate = {inpress}
}

@article{Molnar16componentwise,
  title = {Component-wise incremental \textabbr{LTL} model checking},
  author = {Vince Moln{\'a}r and Andr{\'a}s V{\"o}r{\"o}s and D{\'a}niel Darvas and Tam{\'a}s Bartha and Istv{\'a}n Majzik},
  year = 2016,
  journal = {Formal Aspects of Comp.},
  volume = 28,
  number = 3,
  pages = {345-379},
  publisher = {Springer},
  doi = {10.1007/s00165-015-0347-x}
}

@phdthesis{Meyers16thesis,
  title = {A Multi-Paradigm Modeling Approach to Design and Evolution of Domain-Specific Modeling Languages},
  author = {Bart Meyers},
  year = 2016,
  school = {{Department of Mathematics and Computer Science, University of Antwerp}},
  url = {http://msdl.cs.mcgill.ca/people/bart/publ/thesis.pdf}
}

@article{Ujhelyi15incquery,
  title = {\textabbr{EMF}-\textsc{IncQuery}: An integrated development environment for live model queries},
  author = {Zolt{\'a}n Ujhelyi and G{\'a}bor Bergmann and {\'A}bel Heged{\"u}s and {\'A}kos Horv{\'a}th and Benedek Izs{\'o} and Istv{\'a}n R{\'a}th and Zolt{\'a}n Szatm{\'a}ri and D{\'a}niel Varr{\'o}},
  year = 2015,
  journal = {J.\ Sci.\ Comp.\ Prog.},
  volume = 98,
  number = 1,
  pages = {80-99},
  publisher = {Elsevier},
  doi = {10.1016/j.scico.2014.01.004}
}

@report{OMG15xmi,
  title = {\textabbr{XML} Metadata Interchange \paren{\textabbr{XMI}} Specification},
  author = {{Object Management Group}},
  year = 2015,
  number = {Version 2.5.1},
  url = {http://www.omg.org/spec/XMI/2.5.1/}
}

@article{Deb02nsga,
  title = {A fast and elitist multiobjective genetic algorithm: \textabbr{NSGA-II}},
  author = {Kalyanmoy Deb and Amrit Pratap and Sameer Agarwal and T. Meyarivan},
  year = 2002,
  journal = {\textabbr{IEEE} Tran.\ Evolutionary Comp.},
  volume = 6,
  number = 2,
  publisher = {\textabbr{IEEE}},
  doi = {10.1109/4235.996017}
}

@article{Hegedus13guided,
  title = {A model-driven framework for guided design space exploration},
  author = {{\'A}bel Heged{\H u}s and {\'A}kos Horv{\'a}th and D{\'a}niel Varr{\'o}},
  year = 2013,
  journal = {Automated Softw.\ Eng.},
  volume = 22,
  issue = 3,
  pages = {339-436},
  publisher = {Springer},
  doi = {10.1007/s10515-014-0163-1}
}

@inproceedings{Abdeen14multiobjective,
  title = {Multi-objective optimization in rule-based design space exploration},
  author = {Hani Abdeen and D{\'a}niel Varr{\'o} and Houari Sahraoui and Andr{\'a}s Szabolcs Nagy and Csaba Debreceni and {\'A}bel Heged{\H u}s and {\'A}kos Horv{\'a}th},
  year = 2014,
  booktitle = {Proc.\ 29th \textabbr{ACM}/\textabbr{IEEE} Int.\ Conf.\ Automated Softw.\ Eng.},
  pages = {289-300},
  publisher = {\textabbr{ACM}},
  doi = {10.1145/2642937.2643005}
}

@inproceedings{Martens10evolutionary,
  title = {Automatically improve software architecture models for performance, reliability, and cost using evolutionary algorithms},
  author = {Anne Martens and Heiko Koziolek and Steffen Becker and Ralf Reussner},
  year = 2010,
  booktitle = {Proc.\ 1st joint \textabbr{WOSP}/\textabbr{SIPEW} int. conf. Perf. eng.},
  pages = {105-116},
  publisher = {\textabbr{ACM}},
  doi = {10.1145/1712605.1712624}
}

@inproceedings{Bergmann15viatra,
  title = {\textabbr{Viatra} 3: A Reactive Model Transformation Platform},
  author = {G{\'a}bor Bergmann and Istv{\'a}n D{\'a}vid and {\'A}bel Heged{\H u}s and {\'A}kos Horv{\'a}th and Istv{\'a}n R{\'a}th and Zolt{\'a}n Ujhelyi and D{\'a}niel Varr{\'o}},
  year = 2015,
  booktitle = {\textabbr{ICMT} 2015},
  series = {\textabbr{LNCS}},
  number = {9152},
  pages = {101-110},
  publisher = {Springer},
  doi = {10.1007/978-3-319-21155-8_8}
}
